%-------------------------------------------------------------------------------
% REPLACE WITH YOUR PUBLICATIONS
%-------------------------------------------------------------------------------
@article{yang2022cloudprofiler,
  title={Cloudprofiler: TSC-based inter-node profiling and high-throughput data ingestion for cloud streaming workloads},
  author={Yang, Shinhyung and Jeong, Jiun and Scholz, Bernhard and Burgstaller, Bernd},
  journal={arXiv preprint arXiv:2205.09325},
  year={2022}
}

@misc{yang2023cloudprofiler,
  title={Cloudprofiler: TSC-based inter-node profiling and high-throughput data ingestion for cloud streaming workloads}, 
  author={Shinhyung Yang and Jiun Jeong and Bernhard Scholz and Bernd Burgstaller},
  year={2023},
  eprint={2205.09325},
  archivePrefix={arXiv},
  primaryClass={cs.DC},
  url={https://arxiv.org/abs/2205.09325}, 
}

@article{정지운2024워크스테이션,
  title={워크스테이션 클러스터에서 스케일러블 이더리움 스마트 컨트랙트 오프 더 체인 테스팅},
  author={정지운 and 김연수 and 정성호 and others},
  journal={한국정보과학회 학술발표논문집},
  pages={1624--1626},
  year={2024}
}

%2024 한국컴퓨터종합학술대회
%Korea Computer Congress 2024 (KCC2024)
%워크스테이션 클러스터에서 스케일러블 이더리움 스마트 컨트랙트 오프 더 체인 테스팅
In Proceedings of Korea Computer Congress 2024 (KCC 2024)
@inproceedings{jeong2024workstation,
  author    = {Jiun Jeong and Yeonsoo Kim and Seongho Jeong and Bernd Burgstaller},
  title     = {Scalable off-the-chain testing of Ethereum smart contracts on a cluster of workstations},
  booktitle = {Korea Computer Congress 2024 (KCC 2024), Jeju Island, Korea},
  url={https://www.dbpia.co.kr/journal/articleDetail?nodeId=NODE11862288},
  pages={1624--1626},
  year      = {2024},
}

@inproceedings{IEE:2009,
  author    = {Taekhoon Kim and
               Jiin Park and
               Hwangho Kim and
               Jongtae Park and
               Yousun Ko and
               Kirak Hong and
               Bernd Burgstaller},
  title     = {Enhancing WIPI-C with a fast scripting engine for mobile game development},
  booktitle = {Institute of Embedded Engineering of Korea, Jeju Island, Korea},
  year      = {2009},
}
